<record><leader>00000cas a22000007a 4500</leader><controlfield tag="001">10486964</controlfield><controlfield tag="008">840305d18631906meuwr ne      0    0eng d</controlfield><datafield ind1=" " ind2=" " tag="010"><subfield code="a">sn 84022572 </subfield></datafield><datafield ind1=" " ind2=" " tag="040"><subfield code="a">NPX</subfield><subfield code="b">eng</subfield><subfield code="c">NPX</subfield><subfield code="d">NPU</subfield><subfield code="d">MGN</subfield><subfield code="d">MBN</subfield><subfield code="d">OCL</subfield><subfield code="d">MBN</subfield><subfield code="d">OCLCQ</subfield><subfield code="d">OCLCF</subfield><subfield code="d">OCLCO</subfield></datafield><datafield ind1=" " ind2=" " tag="042"><subfield code="a">msc</subfield></datafield><datafield ind1=" " ind2=" " tag="043"><subfield code="a">n-us-me</subfield></datafield><datafield ind1="0" ind2="0" tag="245"><subfield code="a">Waterville mail.</subfield></datafield><datafield ind1="1" ind2="7" tag="246"><subfield code="a">Mail</subfield></datafield><datafield ind1="1" ind2="3" tag="246"><subfield code="a">Waterville weekly mail</subfield></datafield><datafield ind1=" " ind2=" " tag="260"><subfield code="a">Waterville, Me. :</subfield><subfield code="b">Maxham &amp; Wing,</subfield></datafield><datafield ind1=" " ind2=" " tag="300"><subfield code="a">v. ;</subfield><subfield code="c">62 cm.</subfield></datafield><datafield ind1=" " ind2=" " tag="310"><subfield code="a">Weekly</subfield></datafield><datafield ind1="0" ind2=" " tag="362"><subfield code="a">Vol. 17, no. 9 (Sept. 4, 1863)-</subfield></datafield><datafield ind1="1" ind2=" " tag="362"><subfield code="a">Ceased in 1906.</subfield></datafield><datafield ind1=" " ind2=" " tag="500"><subfield code="a">Printer: E. Maxham, 1863-1886.</subfield></datafield><datafield ind1=" " ind2=" " tag="500"><subfield code="a">Republican. Cf. Rowell, 1873.</subfield></datafield><datafield ind1=" " ind2=" " tag="500"><subfield code="a">Editors: E. Maxham &amp; D.R. Wing, 1863-1885.</subfield></datafield><datafield ind1=" " ind2=" " tag="580"><subfield code="a">Daily ed.: Waterville evening mail.</subfield></datafield><datafield ind1=" " ind2="0" tag="651"><subfield code="a">Waterville (Me.)</subfield><subfield code="v">Newspapers.</subfield></datafield><datafield ind1=" " ind2="7" tag="655"><subfield code="a">Newspapers.</subfield><subfield code="2">fast</subfield><subfield code="0">(OCoLC)fst01423814</subfield></datafield><datafield ind1=" " ind2="7" tag="651"><subfield code="a">Maine</subfield><subfield code="z">Waterville.</subfield><subfield code="2">fast</subfield><subfield code="0">(OCoLC)fst01204468</subfield></datafield><datafield ind1="1" ind2=" " tag="700"><subfield code="a">Maxham, Ephraim,</subfield><subfield code="d">1809-1886.</subfield></datafield><datafield ind1="1" ind2=" " tag="700"><subfield code="a">Wing, Daniel R.</subfield><subfield code="q">(Daniel Ripley),</subfield><subfield code="d">1816-1885.</subfield></datafield><datafield ind1=" " ind2=" " tag="752"><subfield code="a">United States</subfield><subfield code="b">Maine</subfield><subfield code="c">Kennebec</subfield><subfield code="d">Waterville.</subfield></datafield><datafield ind1="1" ind2=" " tag="775"><subfield code="t">Waterville evening mail</subfield><subfield code="w">(DLC)sn 96075120</subfield></datafield><datafield ind1="0" ind2="0" tag="780"><subfield code="t">Eastern mail</subfield><subfield code="w">(DLC)sn 84022571</subfield></datafield></record>